@inproceedings{roi10d,
  title={Roi-10d: Monocular lifting of 2d detection to 6d pose and metric shape},
  author={Manhardt, Fabian and Kehl, Wadim and Gaidon, Adrien},
  booktitle={Proceedings of the IEEE/CVF Conference on Computer Vision and Pattern Recognition},
  pages={2069--2078},
  year={2019}
}

@inproceedings{geometry3d,
  title={3d bounding box estimation using deep learning and geometry},
  author={Mousavian, Arsalan and Anguelov, Dragomir and Flynn, John and Kosecka, Jana},
  booktitle={Proceedings of the IEEE conference on Computer Vision and Pattern Recognition},
  pages={7074--7082},
  year={2017}
}

@inproceedings{monopair,
  title={Monopair: Monocular 3d object detection using pairwise spatial relationships},
  author={Chen, Yongjian and Tai, Lei and Sun, Kai and Li, Mingyang},
  booktitle={Proceedings of the IEEE/CVF Conference on Computer Vision and Pattern Recognition},
  pages={12093--12102},
  year={2020}
}

@inproceedings{smoke,
  title={Smoke: Single-stage monocular 3d object detection via keypoint estimation},
  author={Liu, Zechen and Wu, Zizhang and T{\'o}th, Roland},
  booktitle={Proceedings of the IEEE/CVF Conference on Computer Vision and Pattern Recognition Workshops},
  pages={996--997},
  year={2020}
}

@inproceedings{polygon,
  title={Monocular 3d object detection with decoupled structured polygon estimation and height-guided depth estimation},
  author={Cai, Yingjie and Li, Buyu and Jiao, Zeyu and Li, Hongsheng and Zeng, Xingyu and Wang, Xiaogang},
  booktitle={Proceedings of the AAAI Conference on Artificial Intelligence},
  volume={34},
  number={07},
  pages={10478--10485},
  year={2020}
}

@inproceedings{monoflex,
  title={Objects are different: Flexible monocular 3d object detection},
  author={Zhang, Yunpeng and Lu, Jiwen and Zhou, Jie},
  booktitle={Proceedings of the IEEE/CVF Conference on Computer Vision and Pattern Recognition},
  pages={3289--3298},
  year={2021}
}

@inproceedings{caddn,
  title={Categorical depth distribution network for monocular 3d object detection},
  author={Reading, Cody and Harakeh, Ali and Chae, Julia and Waslander, Steven L},
  booktitle={Proceedings of the IEEE/CVF Conference on Computer Vision and Pattern Recognition},
  pages={8555--8564},
  year={2021}
}

@inproceedings{gupnet,
  title={Geometry uncertainty projection network for monocular 3d object detection},
  author={Lu, Yan and Ma, Xinzhu and Yang, Lei and Zhang, Tianzhu and Liu, Yating and Chu, Qi and Yan, Junjie and Ouyang, Wanli},
  booktitle={Proceedings of the IEEE/CVF International Conference on Computer Vision},
  pages={3111--3121},
  year={2021}
}

@inproceedings{dd3d,
  title={Is pseudo-lidar needed for monocular 3d object detection?},
  author={Park, Dennis and Ambrus, Rares and Guizilini, Vitor and Li, Jie and Gaidon, Adrien},
  booktitle={Proceedings of the IEEE/CVF International Conference on Computer Vision},
  pages={3142--3152},
  year={2021}
}

@inproceedings{monodde,
  title={Diversity matters: Fully exploiting depth clues for reliable monocular 3d object detection},
  author={Li, Zhuoling and Qu, Zhan and Zhou, Yang and Liu, Jianzhuang and Wang, Haoqian and Jiang, Lihui},
  booktitle={Proceedings of the IEEE/CVF Conference on Computer Vision and Pattern Recognition},
  pages={2791--2800},
  year={2022}
}


@inproceedings{didm3d,
  title={Did-m3d: Decoupling instance depth for monocular 3d object detection},
  author={Peng, Liang and Wu, Xiaopei and Yang, Zheng and Liu, Haifeng and Cai, Deng},
  booktitle={European Conference on Computer Vision},
  pages={71--88},
  year={2022},
  organization={Springer}
}

@inproceedings{imvoxelnet,
  title={Imvoxelnet: Image to voxels projection for monocular and multi-view general-purpose 3d object detection},
  author={Rukhovich, Danila and Vorontsova, Anna and Konushin, Anton},
  booktitle={Proceedings of the IEEE/CVF Winter Conference on Applications of Computer Vision},
  pages={2397--2406},
  year={2022}
}

@inproceedings{pgd,
  title={Probabilistic and geometric depth: Detecting objects in perspective},
  author={Wang, Tai and Xinge, ZHU and Pang, Jiangmiao and Lin, Dahua},
  booktitle={Conference on Robot Learning},
  pages={1475--1485},
  year={2022},
  organization={PMLR}
}

@inproceedings{monodtr,
  title={Monodtr: Monocular 3d object detection with depth-aware transformer},
  author={Huang, Kuan-Chih and Wu, Tsung-Han and Su, Hung-Ting and Hsu, Winston H},
  booktitle={Proceedings of the IEEE/CVF Conference on Computer Vision and Pattern Recognition},
  pages={4012--4021},
  year={2022}
}

@inproceedings{monocon,
  title={Learning auxiliary monocular contexts helps monocular 3d object detection},
  author={Liu, Xianpeng and Xue, Nan and Wu, Tianfu},
  booktitle={Proceedings of the AAAI Conference on Artificial Intelligence},
  volume={36},
  number={2},
  pages={1810--1818},
  year={2022}
}

@misc{cie,
  title={Consistency of implicit and explicit features matters for monocular 3d object detection},
  author={Ye, Qian and Jiang, Ling and Zhen, Wang and Du, Yuyang},
  note = "Preprint at \url{https://arxiv.org/abs/2207.07933}",
  year={2022}
}

@inproceedings{monoxiver,
  title={Monocular 3d object detection with bounding box denoising in 3d by perceiver},
  author={Liu, Xianpeng and Zheng, Ce and Cheng, Kelvin B and Xue, Nan and Qi, Guo-Jun and Wu, Tianfu},
  booktitle={Proceedings of the IEEE/CVF International Conference on Computer Vision},
  pages={6436--6446},
  year={2023}
}

@inproceedings{neurocs,
  title={Neurocs: Neural nocs supervision for monocular 3d object localization},
  author={Min, Zhixiang and Zhuang, Bingbing and Schulter, Samuel and Liu, Buyu and Dunn, Enrique and Chandraker, Manmohan},
  booktitle={Proceedings of the IEEE/CVF Conference on Computer Vision and Pattern Recognition},
  pages={21404--21414},
  year={2023}
}

@inproceedings{mononerd,
  title={Mononerd: Nerf-like representations for monocular 3d object detection},
  author={Xu, Junkai and Peng, Liang and Cheng, Haoran and Li, Hao and Qian, Wei and Li, Ke and Wang, Wenxiao and Cai, Deng},
  booktitle={Proceedings of the IEEE/CVF International Conference on Computer Vision},
  pages={6814--6824},
  year={2023}
}

@inproceedings{monopgc,
  title={Monopgc: Monocular 3d object detection with pixel geometry contexts},
  author={Wu, Zizhang and Gan, Yuanzhu and Wang, Lei and Chen, Guilian and Pu, Jian},
  booktitle={2023 IEEE International Conference on Robotics and Automation (ICRA)},
  pages={4842--4849},
  year={2023},
  organization={IEEE}
}


@misc{gupnet++,
  title={GUPNet++: Geometry Uncertainty Propagation Network for Monocular 3D Object Detection},
  author={Lu, Yan and Ma, Xinzhu and Yang, Lei and Zhang, Tianzhu and Liu, Yating and Chu, Qi and He, Tong and Li, Yonghui and Ouyang, Wanli},
  note = "Preprint at \url{https://arxiv.org/abs/2310.15624}",
  year={2023}
}

@article{ssd-monodetr,
  title={Ssd-monodetr: Supervised scale-aware deformable transformer for monocular 3d object detection},
  author={He, Xuan and Yang, Fan and Yang, Kailun and Lin, Jiacheng and Fu, Haolong and Wang, Meng and Yuan, Jin and Li, Zhiyong},
  journal={IEEE Transactions on Intelligent Vehicles},
  year={2023},
  publisher={IEEE},
  doi = {10.1109/TIV.2023.3311949}
}

@inproceedings{mask-rcnn,
  title={Mask r-cnn},
  author={He, Kaiming and Gkioxari, Georgia and Doll{\'a}r, Piotr and Girshick, Ross},
  booktitle={Proceedings of the IEEE international conference on computer vision},
  pages={2961--2969},
  year={2017}
}

@inproceedings{patchnet,
  title={Rethinking pseudo-lidar representation},
  author={Ma, Xinzhu and Liu, Shinan and Xia, Zhiyi and Zhang, Hongwen and Zeng, Xingyu and Ouyang, Wanli},
  booktitle={Computer Vision--ECCV 2020: 16th European Conference, Glasgow, UK, August 23--28, 2020, Proceedings, Part XIII 16},
  pages={311--327},
  year={2020},
  organization={Springer}
}

@article{pct,
  title={Progressive coordinate transforms for monocular 3d object detection},
  author={Wang, Li and Zhang, Li and Zhu, Yi and Zhang, Zhi and He, Tong and Li, Mu and Xue, Xiangyang},
  journal={Advances in Neural Information Processing Systems},
  volume={34},
  pages={13364--13377},
  year={2021}
}

@inproceedings{monojsg,
  title={Monojsg: Joint semantic and geometric cost volume for monocular 3d object detection},
  author={Lian, Qing and Li, Peiliang and Chen, Xiaozhi},
  booktitle={Proceedings of the IEEE/CVF Conference on Computer Vision and Pattern Recognition},
  pages={1070--1079},
  year={2022}
}

@inproceedings{fast-rcnn,
  title={Fast r-cnn},
  author={Girshick, Ross},
  booktitle={Proceedings of the IEEE international conference on computer vision},
  pages={1440--1448},
  year={2015}
}

@inproceedings{roi-warp,
  title={Instance-aware semantic segmentation via multi-task network cascades},
  author={Dai, Jifeng and He, Kaiming and Sun, Jian},
  booktitle={Proceedings of the IEEE conference on computer vision and pattern recognition},
  pages={3150--3158},
  year={2016}
}

@inproceedings{kitti,
  title={Are we ready for autonomous driving? the kitti vision benchmark suite},
  author={Geiger, Andreas and Lenz, Philip and Urtasun, Raquel},
  booktitle={2012 IEEE conference on computer vision and pattern recognition},
  pages={3354--3361},
  year={2012},
  organization={IEEE}
}

@inproceedings{m3d-rpn,
  title={M3d-rpn: Monocular 3d region proposal network for object detection},
  author={Brazil, Garrick and Liu, Xiaoming},
  booktitle={Proceedings of the IEEE/CVF International Conference on Computer Vision},
  pages={9287--9296},
  year={2019}
}

@inproceedings{d4lcn,
  title={Learning depth-guided convolutions for monocular 3d object detection},
  author={Ding, Mingyu and Huo, Yuqi and Yi, Hongwei and Wang, Zhe and Shi, Jianping and Lu, Zhiwu and Luo, Ping},
  booktitle={Proceedings of the IEEE/CVF Conference on computer vision and pattern recognition workshops},
  pages={1000--1001},
  year={2020}
}

@misc{oft,
  title={Orthographic feature transform for monocular 3d object detection},
  author={Roddick, Thomas and Kendall, Alex and Cipolla, Roberto},
  note = "Preprint at \url{https://arxiv.org/abs/1811.08188}",
  year={2018}
}

@inproceedings{color-embeded,
  title={Accurate monocular 3d object detection via color-embedded 3d reconstruction for autonomous driving},
  author={Ma, Xinzhu and Wang, Zhihui and Li, Haojie and Zhang, Pengbo and Ouyang, Wanli and Fan, Xin},
  booktitle={Proceedings of the IEEE/CVF International Conference on Computer Vision},
  pages={6851--6860},
  year={2019}
}

@inproceedings{mono-plidar,
  title={Monocular 3d object detection with pseudo-lidar point cloud},
  author={Weng, Xinshuo and Kitani, Kris},
  booktitle={Proceedings of the IEEE/CVF International Conference on Computer Vision Workshops},
  pages={0--0},
  year={2019}
}

@inproceedings{rtm3d,
  title={Rtm3d: Real-time monocular 3d detection from object keypoints for autonomous driving},
  author={Li, Peixuan and Zhao, Huaici and Liu, Pengfei and Cao, Feidao},
  booktitle={European Conference on Computer Vision},
  pages={644--660},
  year={2020},
  organization={Springer}
}

@article{nerf,
  title={Nerf: Representing scenes as neural radiance fields for view synthesis},
  author={Mildenhall, Ben and Srinivasan, Pratul P and Tancik, Matthew and Barron, Jonathan T and Ramamoorthi, Ravi and Ng, Ren},
  journal={Communications of the ACM},
  volume={65},
  number={1},
  pages={99--106},
  year={2021},
  publisher={ACM New York, NY, USA}
}

@inproceedings{monodle,
  title={Delving into localization errors for monocular 3d object detection},
  author={Ma, Xinzhu and Zhang, Yinmin and Xu, Dan and Zhou, Dongzhan and Yi, Shuai and Li, Haojie and Ouyang, Wanli},
  booktitle={Proceedings of the IEEE/CVF Conference on Computer Vision and Pattern Recognition},
  pages={4721--4730},
  year={2021}
}

@inproceedings{m3dssd,
  title={M3dssd: Monocular 3d single stage object detector},
  author={Luo, Shujie and Dai, Hang and Shao, Ling and Ding, Yong},
  booktitle={Proceedings of the IEEE/CVF Conference on Computer Vision and Pattern Recognition},
  pages={6145--6154},
  year={2021}
}

@inproceedings{ddmp-3d,
  title={Depth-conditioned dynamic message propagation for monocular 3d object detection},
  author={Wang, Li and Du, Liang and Ye, Xiaoqing and Fu, Yanwei and Guo, Guodong and Xue, Xiangyang and Feng, Jianfeng and Zhang, Li},
  booktitle={Proceedings of the IEEE/CVF Conference on Computer Vision and Pattern Recognition},
  pages={454--463},
  year={2021}
}

@inproceedings{dla,
  title={Deep layer aggregation},
  author={Yu, Fisher and Wang, Dequan and Shelhamer, Evan and Darrell, Trevor},
  booktitle={Proceedings of the IEEE conference on computer vision and pattern recognition},
  pages={2403--2412},
  year={2018}
}

@misc{centernet,
  title={Objects as points},
  author={Zhou, Xingyi and Wang, Dequan and Kr{\"a}henb{\"u}hl, Philipp},
note = "Preprint at \url{https://arxiv.org/abs/1904.07850}",
  year={2019}
}

@inproceedings{pyramid-rcnn,
  title={Pyramid r-cnn: Towards better performance and adaptability for 3d object detection},
  author={Mao, Jiageng and Niu, Minzhe and Bai, Haoyue and Liang, Xiaodan and Xu, Hang and Xu, Chunjing},
  booktitle={Proceedings of the IEEE/CVF International Conference on Computer Vision},
  pages={2723--2732},
  year={2021}
}

@inproceedings{leaky-relu,
  title={Rectifier nonlinearities improve neural network acoustic models},
  author={Maas, Andrew L and Hannun, Awni Y and Ng, Andrew Y and others},
  booktitle={Proc. icml},
  volume={30},
  number={1},
  pages={3},
  year={2013},
  organization={Atlanta, GA}
}

@article{hard-sigmoid,
  title={Binaryconnect: Training deep neural networks with binary weights during propagations},
  author={Courbariaux, Matthieu and Bengio, Yoshua and David, Jean-Pierre},
  journal={Advances in neural information processing systems},
  volume={28},
  year={2015}
}

@inproceedings{lrru,
  title={Lrru: Long-short range recurrent updating networks for depth completion},
  author={Wang, Yufei and Li, Bo and Zhang, Ge and Liu, Qi and Gao, Tao and Dai, Yuchao},
  booktitle={Proceedings of the IEEE/CVF International Conference on Computer Vision},
  pages={9422--9432},
  year={2023}
}

@inproceedings{waymo,
  title={Scalability in perception for autonomous driving: Waymo open dataset},
  author={Sun, Pei and Kretzschmar, Henrik and Dotiwalla, Xerxes and Chouard, Aurelien and Patnaik, Vijaysai and Tsui, Paul and Guo, James and Zhou, Yin and Chai, Yuning and Caine, Benjamin and others},
  booktitle={Proceedings of the IEEE/CVF conference on computer vision and pattern recognition},
  pages={2446--2454},
  year={2020}
}

@inproceedings{monodetr,
  title={MonoDETR: Depth-guided transformer for monocular 3D object detection},
  author={Zhang, Renrui and Qiu, Han and Wang, Tai and Guo, Ziyu and Cui, Ziteng and Qiao, Yu and Li, Hongsheng and Gao, Peng},
  booktitle={Proceedings of the IEEE/CVF International Conference on Computer Vision},
  pages={9155--9166},
  year={2023}
}

@book{brent,
  title={Algorithms for minimization without derivatives},
  author={Brent, Richard P},
  year={2013},
  publisher={Courier Corporation}
}

@article{segment-fusion,
  title={3D object detection algorithm based on multi-sensor segmental fusion of frustum association for autonomous driving},
  author={Tao, Chongben and Bian, Weitao and Wang, Chen and Li, Huayi and Gao, Zhen and Zhang, Zufeng and Zheng, Sifa and Zhu, Yuan},
  journal={Applied Intelligence},
  volume={53},
  number={19},
  pages={22753--22774},
  year={2023},
  publisher={Springer}
}

@article{srif,
  title={SRIF-RCNN: Sparsely represented inputs fusion of different sensors for 3D object detection},
  author={Li, Xiaowei and Kong, Deming},
  journal={Applied Intelligence},
  volume={53},
  number={5},
  pages={5532--5553},
  year={2023},
  publisher={Springer}
}
@article{teng,
  title={FusionPlanner: A multi-task motion planner for mining trucks via multi-sensor fusion},
  author={Teng, Siyu and Li, Luxi and Li, Yuchen and Hu, Xuemin and Li, Lingxi and Ai, Yunfeng and Chen, Long},
  journal={Mechanical Systems and Signal Processing},
  volume={208},
  pages={111051},
  year={2024},
  doi = {https://doi.org/10.1016/j.ymssp.2023.111051},
  publisher={Elsevier}
}
